% ----------------------------------------------------------
% Journal papers/articles
% ----------------------------------------------------------

@Article{Gooch_etal_TOG:2004,
author = { B.  Gooch and E. Reinhard and A. Gooch },
title = { Human facial illustrations: Creation and psychophysical evaluation },
journal = { ACM Transactions on Graphics },
pages = {27 - 44},
volume = {23},
number = {1},
year = {2004}
}


@Article{Sousa_Przemek_CGF:2003,
author = { M.C. Sousa and P. Prusinkiewicz },
title = { A Few Good Lines: Suggestive Drawing of 3D Models },
journal = { Computer Graphics Forum (Proc. of EuroGraphics '03)},
pages = {327 - 340},
volume = {22},
number = {3}
year = {2003}
}

@Article{Sousa_etal_CGF:2003,
author = { M.C. Sousa and K. Foster and B. Wyvill and F. Samavati },
title = { Precise Ink Drawing of 3D Models },
journal = { Computer Graphics Forum (Proc. of EuroGraphics '03)},
pages = {369 - 379},
volume = {22},
number = {3}
year = {2003}
}

@Article{ Gray:1997,
  author =   { Gray, A. },
  title =    { The Gaussian and Mean Curvatures },
  journal =  {\S16.5 in Modern Differential Geometry of Curves and Surfaces with Mathematica, 2nd ed., Boca Raton, FL, CRC Press },
  volume =   {},
  number =   {},
  month =    { },
  pages =    {373-380},
  year =     {1997},
}

@Article{Shary:2002,
  author =   { Shary, P.A. and Sharaya, L.S. and Mitusov, A.V.},
  title =    { Fundamental quantitative methods of land surface analysis },
  journal =  {Geoderma},
  volume =   {107},
  number =   {1-2},
  pages =    {1-32},
  year =     {2002},
}

% ----------------------------------------------------------
% Conference papers
% ----------------------------------------------------------

@InProceedings{Sousa_etal_CGI:2004,
author = {M. C. Sousa and F. Samavati and M. Brunn},
title = {Depicting Shape Features with Directional Strokes and Spotlighting},
booktitle = {Proc. of Computer Graphics International '04 },
pages = {214 - 221},
year = {2004},
}

@InProceedings{Gooch:1999,
author  = {Gooch, G. and Sloan, P-P. J. and Gooch, A. and Shirley, P. and Riesenfeld, R.},
title   = {Interactive Technical Illustration },
booktitle   = {Proc. of 1999 Symposium on Interactive {3D} Graphics },
pages   = {31-38},
year        = {1999},
}

@InProceedings{Markosian:1997,
  author =   { Markosian, L. and Kowalski, M. A. and Trychin, S. J. and Bourdev, L. D. and Goldstein, D. and Hughes, J. F.},
  title =    {Real-time nonphotorealistic rendering},
  booktitle =    {Proc. of SIGGRAPH~'97},
  pages =    {415--420},
year=    {1997},
}


@InProceedings{Winkenbach:1994,
  author =    {Winkenbach, G. and Salesin, D. H.},
  title =     {Computer-Generated Pen-and-Ink Illustration},
  booktitle = {Proc. of SIGGRAPH~'94},
  pages =     {91--100},
  year=       {1994},
}

% ----------------------------------------------------------
% Theses
% ----------------------------------------------------------

@MastersThesis{Secord:2002,
  author =   {Secord, A.},
  title =    {Random marks on paper: Non-photorealistic rendering with small primitives},
  school =   {Department of Computer Science, University of British Columbia},
  month =    oct,
  year =     {2002}
}

@PhdThesis{Wood:1996,
  author =   { Wood, J. },
  title =    { The Geomorphological Characterisation of Digital Elevation Models},
  school =   { University of Leicester, UK },
  year =     {1996},
}

@PhdThesis{Boix:1995,
  author =   { E. Boix },
  title =    { Approximation lineaire des surfaces de $\Re^{3}$ et applications },
  school =   { Ecole Polytechnique, France },
  year =     {1995},
}

% ----------------------------------------------------------
% Books
% ----------------------------------------------------------

@Book{Gauss:1827,
  author =   { Gauss, C. F.},
  ALTeditor =    {},
  title =    { {D}isquisitiones {G}enerales {C}irca {S}uperficies {C}urvas },
  publisher =    { Göttingen: Dieterich. (English translation by A. Hiltebietel and J. Morehead: Hewlett, NY, Raven Press, 1965)},
  year =     {1827},
}

@Book{Hodges:1989,
author =     {Hodges, E.R.S.},
title =      {The Guild Handbook of Scientific Illustration},
publisher =  {Van Nostrand Reinhold},
year =   {1989},
}

@Book{Wolff:1958,
author =     {Wolff, E.},
title =      {Anatomy for Artists},
publisher =  {H.K. Lewis & Co. Ltd.},
year =   {1958},
}

