%% This BibTeX bibliography file was created using BibDesk.
%% https://bibdesk.sourceforge.io/

%% Created for Joel van Egmond at 2018-10-09 12:53:52 -0600 


%% Saved with string encoding Unicode (UTF-8) 



@inproceedings{softqos,
	Author = {B. G. Kim},
	Booktitle = {Joint 4th IEEE International Conference on ATM(ICATM'01) and High Speed Intelligent Internet Symposium. ICATM 2001 (Cat. No.00EX486)},
	Date-Added = {2018-10-09 18:49:43 +0000},
	Date-Modified = {2018-10-09 18:49:43 +0000},
	Doi = {10.1109/ICATM.2001.932056},
	Keywords = {telecommunication traffic;Internet;quality of service;transport protocols;telecommunication network routing;bandwidth allocation;telecommunication congestion control;soft QoS service;Internet;best-effort model;packet scheduling algorithms;integrated services architecture;reservation protocol;differentiated services architecture;IntServ;DiffServ;router overhead;network bandwidth;Web-based UDP traffic;congestion;TCP connections;traffic fluctuation;packet losses;Web and internet services;Bandwidth;Telecommunication traffic;IP networks;Scheduling algorithm;Intserv networks;Protocols;Diffserv networks;Protection;Fluctuations},
	Month = {April},
	Pages = {56-60},
	Title = {The soft QoS service (SQS) in the Internet},
	Year = {2001},
	Bdsk-Url-1 = {https://doi.org/10.1109/ICATM.2001.932056}}
	
@misc{sdx,
	Author = {SDxCentral},
	Keywords = {dba},
	Title = {Software-Defined Networking (SDN) Definition},
	howpublished = "[Online]. Available: \url{https://www.sdxcentral.com/sdn/definitions/what-is-openflow/}",
	note = "[Accessed 08-Oct-2018]"}

@misc{opennetworking,
	Author = {Open Networking Foundation},
	Keywords = {dba},
	Title = {What is OpenFlow? Definition and How it Relates to SDN},
	howpublished = "[Online]. Available: \url{https://www.opennetworking.org/sdn-definition/}",
	note = "[Accessed 08-Oct-2018]"}
	
@misc{bworld,
  author = {Ingo LÃ¼tkebohle},
  title = {{BWorld Robot Control Software}},
  howpublished = "\url{http://aiweb.techfak.uni-bielefeld.de/content/bworld-robot-control-software/}",
  year = {2008}, 
  note = "[Online; accessed 19-July-2008]"
}

@inproceedings{Dwara:2015,
	Author = {S. Dwarakanathan and L. Bass and L. Zhu},
	Booktitle = {2015 IEEE 8th International Conference on Cloud Computing},
	Date-Added = {2018-10-09 17:57:13 +0000},
	Date-Modified = {2018-10-09 17:57:13 +0000},
	Doi = {10.1109/CLOUD.2015.137},
	Issn = {2159-6190},
	Keywords = {bandwidth allocation;cloud computing;quality of service;queueing theory;software defined networking;cloud application;service disruption;quality of service requirements;high availability module;HA module;application components;QoS module;OpenFlow based switches;minimum network bandwidth;RSVP aggregation;IPv4 reservations;IPv6 reservations;RFC 3175;DiffServ based approach;QoS queues;SDN controller;DiffServ queue;Mininet;Quality of service;Bandwidth;Ports (Computers);Diffserv networks;IP networks;Topology;Servers;High Availabilty;SDN;QoS;OpenFlow},
	Month = {June},
	Pages = {1003-1007},
	Title = {Cloud Application HA Using SDN to Ensure QoS},
	Year = {2015},
	Bdsk-Url-1 = {https://doi.org/10.1109/CLOUD.2015.137}}

@inproceedings{Tomovic:2014,
	Author = {S. Tomovic and N. Prasad and I. Radusinovic},
	Booktitle = {2014 22nd Telecommunications Forum Telfor (TELFOR)},
	Date-Added = {2018-10-09 17:01:01 +0000},
	Date-Modified = {2018-10-09 17:01:01 +0000},
	Doi = {10.1109/TELFOR.2014.7034369},
	Keywords = {multimedia communication;quality of service;software defined networking;telecommunication congestion control;SDN control framework;QoS provisioning;software defined networking;quality of service provisioning;multimedia applications;centralized control monitor;network resource state monitoring;smart traffic management;best-effort service model;IntServ service model;Quality of service;Bandwidth;Routing;Protocols;Throughput;Monitoring;Internet;OpenFlow;SDN;QoS provisioning},
	Month = {Nov},
	Pages = {111-114},
	Title = {SDN control framework for QoS provisioning},
	Year = {2014},
	Bdsk-Url-1 = {https://doi.org/10.1109/TELFOR.2014.7034369}}

@inproceedings{Krishna:2016,
	Author = {H. Krishna and N. L. M. van Adrichem and F. A. Kuipers},
	Booktitle = {2016 Symposium on Communications and Vehicular Technologies (SCVT)},
	Date-Added = {2018-10-09 16:58:17 +0000},
	Date-Modified = {2018-10-09 16:58:17 +0000},
	Doi = {10.1109/SCVT.2016.7797664},
	Keywords = {quality of service;software defined networking;OpenFlow;quality of service control;computer networking;software defined networking;SDN;Quality of service;Switches;Bandwidth;Throughput;Internet;Protocols},
	Month = {Nov},
	Pages = {1-6},
	Title = {Providing bandwidth guarantees with OpenFlow},
	Year = {2016},
	Bdsk-Url-1 = {https://doi.org/10.1109/SCVT.2016.7797664}}

@article{Wallner:2013,
	Author = {Wallner, Ryan and Cannistra, Robert},
	Journal = {Proceedings of the Asia-Pacific Advanced Network},
	Date-Added = {2018-10-09 16:52:48 +0000},
	Date-Modified = {2018-10-09 17:59:10 +0000},
	Keywords = {dba},
	Month = {06},
	Pages = {14},
	Title = {An SDN Approach: Quality of Service using Big Switch's Floodlight Open-source Controller},
	Volume = {35},
	Year = {2013}}

@article{Gooch_etal_TOG:2004,
	Author = {B. Gooch and E. Reinhard and A. Gooch},
	Journal = {ACM Transactions on Graphics},
	Number = {1},
	Pages = {27 - 44},
	Title = {Human facial illustrations: Creation and psychophysical evaluation},
	Volume = {23},
	Year = {2004}}

@article{Gray:1997,
	Author = {Gray, A.},
	Journal = {\S16.5 in Modern Differential Geometry of Curves and Surfaces with Mathematica, 2nd ed., Boca Raton, FL, CRC Press},
	Pages = {373-380},
	Title = {The Gaussian and Mean Curvatures},
	Year = {1997}}

@article{Shary:2002,
	Author = {Shary, P.A. and Sharaya, L.S. and Mitusov, A.V.},
	Journal = {Geoderma},
	Number = {1-2},
	Pages = {1-32},
	Title = {Fundamental quantitative methods of land surface analysis},
	Volume = {107},
	Year = {2002}}

@inproceedings{Sousa_etal_CGI:2004,
	Author = {M. C. Sousa and F. Samavati and M. Brunn},
	Booktitle = {Proc. of Computer Graphics International '04},
	Pages = {214 - 221},
	Title = {Depicting Shape Features with Directional Strokes and Spotlighting},
	Year = {2004}}

@inproceedings{Gooch:1999,
	Author = {Gooch, G. and Sloan, P-P. J. and Gooch, A. and Shirley, P. and Riesenfeld, R.},
	Booktitle = {Proc. of 1999 Symposium on Interactive {3D} Graphics},
	Pages = {31-38},
	Title = {Interactive Technical Illustration},
	Year = {1999}}

@inproceedings{Markosian:1997,
	Author = {Markosian, L. and Kowalski, M. A. and Trychin, S. J. and Bourdev, L. D. and Goldstein, D. and Hughes, J. F.},
	Booktitle = {Proc. of SIGGRAPH~'97},
	Pages = {415--420},
	Title = {Real-time nonphotorealistic rendering},
	Year = {1997}}

@inproceedings{Winkenbach:1994,
	Author = {Winkenbach, G. and Salesin, D. H.},
	Booktitle = {Proc. of SIGGRAPH~'94},
	Pages = {91--100},
	Title = {Computer-Generated Pen-and-Ink Illustration},
	Year = {1994}}

@mastersthesis{Secord:2002,
	Author = {Secord, A.},
	Month = oct,
	School = {Department of Computer Science, University of British Columbia},
	Title = {Random marks on paper: Non-photorealistic rendering with small primitives},
	Year = {2002}}

@phdthesis{Wood:1996,
	Author = {Wood, J.},
	School = {University of Leicester, UK},
	Title = {The Geomorphological Characterisation of Digital Elevation Models},
	Year = {1996}}

@phdthesis{Boix:1995,
	Author = {E. Boix},
	School = {Ecole Polytechnique, France},
	Title = {Approximation lineaire des surfaces de $\Re^{3}$ et applications},
	Year = {1995}}

@book{Gauss:1827,
	Author = {Gauss, C. F.},
	Title = {{D}isquisitiones {G}enerales {C}irca {S}uperficies {C}urvas},
	Year = {1827}}

@book{Hodges:1989,
	Author = {Hodges, E.R.S.},
	Publisher = {Van Nostrand Reinhold},
	Title = {The Guild Handbook of Scientific Illustration},
	Year = {1989}}

@book{Wolff:1958,
	Author = {Wolff, E.},
	Publisher = {H.K. Lewis & Co. Ltd.},
	Title = {Anatomy for Artists},
	Year = {1958}}
